@article{Johnson,
        author = {Edgar G. Johnson and Alfred O. Nier},
        title = {Angular Aberrations in Sector Shaped 
        Electromagnetic Lenses for Focusing Beams of Charged Particles},
        journal = {Physical Review},
        volume = {91},
        number = {1},
        month = {jul},
        year = {1953}
}


@article{Yamada2005,
author = {T. Yamada and T. Inoue},
title = {Influence of phosphorus runoff from agricultural areason enclosed sea downsteram},
journal = {Journal of Water and Environment Technology},
year = {2005},
volume = {3},
pages = {157-164}, number = {2},
owner = {p620061},
timestamp = {2010.12.20},
url = {http://www.jstage.jst.go.jp/article/jwet/3/2/3_157/_article},
urldate = {6 juin 2006}
}



@inproceedings{Agusti2003,
Author = {M. Agusti and J. M. Valiente},
Title = {Feasibility of using wavelet based pyramidal analysis for visual content image description},
BookTitle = {Proceedings of the 3rd IASTED International Conference Visualization, Imaging and Image},
Year = {2000},
volume = {2},
pages = {569-574}
}

@phdthesis{Zoran,
        author = {Zoran Racic},
        title = {\'Etude et essais du spectromètre à plasma {DYMIO} 	de la  mission {MARS 96}},
        publisher = {Université Pierre et Marie Curie},
        year = {1996}
}


@mastersthesis{Laverdure1983,
Author = {L. Laverdure},
Title = {Gravimetrie de la ceinture volcanique de l'{A}bitibi},
School = {Ecole Polytechnique de Montreal},
Address = {Montreal, Qc, Canada},
Year = {1990}
} 


@book{late,
author={Christian Rolland},
title={\LaTeX{} par la pratique},
year={1999},
publisher={O'Reilly}
}

@book{texb,
author={Donald E. Knuth},
title={The \TeX book},
year={1990},
publisher={Addison -Wesley}
}





@online{ref1,
  author = {MultiMedia LLC},
  title = {{MS Windows NT} A propos Tritux },
  year = 1999,
  url = {http://www.tritux.com/about-us},
  urldate = {2019-14-03}
}

@online{ref3,
	author = {MultiMedia LLC},
	title = {{MS Windows NT} A propos Tritux },
	year = 1999,
	url = {https://agiliste.fr/guide-de-demarrage-scrum/},
	urldate = {2019-14-03}
}


@online{ref2,
	author = {MultiMedia LLC},
	title = {{MS Windows NT} A propos Tritux },
	year = 1999,
	url = { http://www.qualitystreet.fr/2007/11/20/methodesagiles-un-belle-definition/},
	urldate = {2019-14-03}
}


@online{ref4,
	author = {Visual Studio Code},
	title = {Getting Started},
	year = 1999,
	url = {https://code.visualstudio.com/docs},
	urldate = {2019-14-03}
}

@online{ref5,
	author = {Naveen Pete},
	title = {Implémentation de MVVM dans Angular},
	year = 1999,
	url = {https://naveenpete.wordpress.com/2016/09/07/mvc-mvvm-and-angular/},
	urldate = {2019-14-03}
}
